@article{ahmad_free_2021,
    author = "Ahmad, Rasool and Cai, Wei",
    title = "Free Energy Calculation of Crystalline Solids Using Normalizing Flow",
    year = "2021",
    month = "November",
    journal = "arXiv:2111.01292 [cond-mat, physics:physics]",
    eprint = "2111.01292",
    primaryclass = "cond-mat, physics:physics",
    urldate = "2021-11-19",
    archiveprefix = "arxiv"
}


@inproceedings{albergo_building_2023,
  title = {Building Normalizing Flows with Stochastic Interpolants},
  booktitle = {The Eleventh International Conference on Learning Representations, {{ICLR}} 2023, Kigali, Rwanda, May 1-5, 2023},
  author = {Albergo, Michael S. and {Vanden-Eijnden}, Eric},
  year = {2023},
  publisher = {{OpenReview.net}},
  bibsource = {dblp computer science bibliography, https://dblp.org},
  timestamp = {Fri, 30 Jun 2023 14:55:53 +0200}
}


@misc{albergo_stochastic_2023,
    author = "Albergo, Michael S. and Boffi, Nicholas M. and {Vanden-Eijnden}, Eric",
    title = "Stochastic {{Interpolants}}: {{A Unifying Framework}} for {{Flows}} and {{Diffusions}}",
    shorttitle = "Stochastic {{Interpolants}}",
    year = "2023",
    month = "March",
    number = "arXiv:2303.08797",
    eprint = "2303.08797",
    primaryclass = "cond-mat",
    publisher = "{arXiv}",
    urldate = "2023-03-23",
    archiveprefix = "arxiv",
    langid = "english"
}

@misc{amodei_ai_2018,
    author = "Amodei, Dario and Hernandez, Danny",
    title = "{{AI}} and {{Compute}}",
    year = "2018",
    month = "May",
    journal = "OpenAI",
    urldate = "2020-07-14",
    langid = "english"
}

@article{anderson_reverse-time_1982,
    author = "Anderson, Brian D.O.",
    title = "Reverse-Time Diffusion Equation Models",
    year = "1982",
    month = "May",
    journal = "Stochastic Processes and their Applications",
    volume = "12",
    number = "3",
    pages = "313--326",
    issn = "03044149",
    doi = "10.1016/0304-4149(82)90051-5",
    urldate = "2023-02-07",
    langid = "english"
}

@article{bower_prediction_1997,
    author = "Bower, Michael J. and Cohen, Fred E. and Dunbrack, Roland L.",
    title = "Prediction of Protein Side-Chain Rotamers from a Backbone-Dependent Rotamer Library: A New Homology Modeling {{tool11Edited}} by {{B}}. {{Honig}}",
    shorttitle = "Prediction of Protein Side-Chain Rotamers from a Backbone-Dependent Rotamer Library",
    year = "1997",
    month = "April",
    journal = "Journal of Molecular Biology",
    volume = "267",
    number = "5",
    pages = "1268--1282",
    issn = "0022-2836",
    doi = "10.1006/jmbi.1997.0926",
    urldate = "2023-11-11"
}

@misc{bradbury_jax_2018,
    author = "Bradbury, James and Frostig, Roy and Hawkins, Peter and Johnson, Matthew James and Leary, Chris and Maclaurin, Dougal and Necula, George and Paszke, Adam and VanderPlas, Jake and {Wanderman-Milne}, Skye and Zhang, Qiao",
    title = "{{JAX}}: Composable Transformations of {{Python}}+{{NumPy}} Programs",
    year = "2018"
}

@article{broughton_tensorflow_2020,
    author = "Broughton, Michael and Verdon, Guillaume and McCourt, Trevor and Martinez, Antonio J. and Yoo, Jae Hyeon and Isakov, Sergei V. and Massey, Philip and Niu, Murphy Yuezhen and Halavati, Ramin and Peters, Evan and Leib, Martin and Skolik, Andrea and Streif, Michael and Von Dollen, David and McClean, Jarrod R. and Boixo, Sergio and Bacon, Dave and Ho, Alan K. and Neven, Hartmut and Mohseni, Masoud",
    title = "{{TensorFlow Quantum}}: {{A Software Framework}} for {{Quantum Machine Learning}}",
    shorttitle = "{{TensorFlow Quantum}}",
    year = "2020",
    month = "March",
    journal = "arXiv:2003.02989 [cond-mat, physics:quant-ph]",
    eprint = "2003.02989",
    primaryclass = "cond-mat, physics:quant-ph",
    urldate = "2020-03-29",
    archiveprefix = "arxiv",
    langid = "english"
}

@article{carleo_machine_2019,
    author = "Carleo, Giuseppe and Cirac, Ignacio and Cranmer, Kyle and Daudet, Laurent and Schuld, Maria and Tishby, Naftali and {Vogt-Maranto}, Leslie and Zdeborov{\'a}, Lenka",
    title = "Machine Learning and the Physical Sciences",
    year = "2019",
    month = "December",
    journal = "Rev. Mod. Phys.",
    volume = "91",
    number = "4",
    pages = "045002",
    publisher = "{American Physical Society}",
    doi = "10.1103/RevModPhys.91.045002",
    urldate = "2023-07-17"
}

@article{case_amber_2005,
    author = "Case, David A. and Cheatham III, Thomas E. and Darden, Tom and Gohlke, Holger and Luo, Ray and Merz Jr., Kenneth M. and Onufriev, Alexey and Simmerling, Carlos and Wang, Bing and Woods, Robert J.",
    title = "The {{Amber}} Biomolecular Simulation Programs",
    year = "2005",
    journal = "Journal of Computational Chemistry",
    volume = "26",
    number = "16",
    pages = "1668--1688",
    issn = "1096-987X",
    doi = "10.1002/jcc.20290",
    urldate = "2023-10-12",
    copyright = "Copyright {\textcopyright} 2005 Wiley Periodicals, Inc.",
    langid = "english"
}

@book{chandler_introduction_1987,
    author = "Chandler, David",
    title = "Introduction to {{Modern Statistical Mechanics}}",
    year = "1987",
    publisher = "{Oxford University Press, USA}",
    isbn = "978-0-19-504277-1",
    langid = "english"
}

@misc{chennakesavalu_adaptive_2023,
    author = "Chennakesavalu, Shriram and Manikandan, Sreekanth K. and Hu, Frank and Rotskoff, Grant M.",
    title = "Adaptive Nonequilibrium Design of Actin-Based Metamaterials: Fundamental and Practical Limits of Control",
    shorttitle = "Adaptive Nonequilibrium Design of Actin-Based Metamaterials",
    year = "2023",
    month = "June",
    number = "arXiv:2306.10778",
    eprint = "2306.10778",
    primaryclass = "cond-mat",
    publisher = "{arXiv}",
    urldate = "2023-06-21",
    archiveprefix = "arxiv",
    langid = "english"
}

@article{chennakesavalu_ensuring_2023,
    author = "Chennakesavalu, Shriram and Toomer, David J. and Rotskoff, Grant M.",
    title = "Ensuring Thermodynamic Consistency with Invertible Coarse-Graining",
    year = "2023",
    month = "March",
    journal = "J. Chem. Phys.",
    volume = "158",
    number = "12",
    pages = "124126",
    publisher = "{American Institute of Physics}",
    issn = "0021-9606",
    doi = "10.1063/5.0141888",
    urldate = "2023-03-31"
}

@article{ciarella_machine-learning-assisted_2023,
    author = "Ciarella, Simone and Trinquier, Jeanne and Weigt, Martin and Zamponi, Francesco",
    title = "Machine-Learning-Assisted {{Monte Carlo}} Fails at Sampling Computationally Hard Problems",
    year = "2023",
    month = "March",
    journal = "Mach. Learn.: Sci. Technol.",
    volume = "4",
    number = "1",
    pages = "010501",
    publisher = "{IOP Publishing}",
    issn = "2632-2153",
    doi = "10.1088/2632-2153/acbe91",
    urldate = "2023-09-19",
    langid = "english"
}

@article{del_debbio_efficient_2021,
    author = "Del Debbio, Luigi and Marsh Rossney, Joe and Wilson, Michael",
    title = "Efficient Modeling of Trivializing Maps for Lattice \$\{{\textbackslash}ensuremath\{{\textbackslash}phi\}\}\^\{4\}\$ Theory Using Normalizing Flows: {{A}} First Look at Scalability",
    shorttitle = "Efficient Modeling of Trivializing Maps for Lattice \$\{{\textbackslash}ensuremath\{{\textbackslash}phi\}\}\^\{4\}\$ Theory Using Normalizing Flows",
    year = "2021",
    month = "November",
    journal = "Phys. Rev. D",
    volume = "104",
    number = "9",
    pages = "094507",
    publisher = "{American Physical Society}",
    doi = "10.1103/PhysRevD.104.094507",
    urldate = "2023-10-16"
}

@article{del_moral_adaptive_2012,
    author = "Del Moral, Pierre and Doucet, Arnaud and Jasra, Ajay",
    title = "An Adaptive Sequential {{Monte Carlo}} Method for Approximate {{Bayesian}} Computation",
    year = "2012",
    month = "September",
    journal = "Stat Comput",
    volume = "22",
    number = "5",
    pages = "1009--1020",
    issn = "0960-3174, 1573-1375",
    doi = "10/d5tr6f",
    urldate = "2018-09-25",
    langid = "english"
}

@inproceedings{dinh_density_2017,
    author = "Dinh, Laurent and {Sohl-Dickstein}, Jascha and Bengio, Samy",
    title = "Density {{Estimation Using Real NVP}}",
    booktitle = "International Conference on Learning Representations",
    year = "2017",
    pages = "32",
    langid = "english"
}

@article{dunbrack_jr_bayesian_1997,
    author = "Dunbrack Jr., Roland L. and Cohen, Fred E.",
    title = "Bayesian Statistical Analysis of Protein Side-Chain Rotamer Preferences",
    year = "1997",
    journal = "Protein Science",
    volume = "6",
    number = "8",
    pages = "1661--1681",
    issn = "1469-896X",
    doi = "10.1002/pro.5560060807",
    urldate = "2023-11-11",
    langid = "english"
}

@article{dunbrack_rotamer_2002,
    author = "Dunbrack, Roland L",
    title = "Rotamer {{Libraries}} in the 21st {{Century}}",
    year = "2002",
    month = "August",
    journal = "Current Opinion in Structural Biology",
    volume = "12",
    number = "4",
    pages = "431--440",
    issn = "0959-440X",
    doi = "10.1016/S0959-440X(02)00344-5",
    urldate = "2023-11-11"
}

@inproceedings{durkan_neural_2019,
    author = "Durkan, Conor and Bekasov, Artur and Murray, Iain and Papamakarios, George",
    editor = "Wallach, H. and Larochelle, H. and Beygelzimer, A. and d'{\aftergroup\ignorespaces} {Alch{\'e}-Buc}, F. and Fox, E. and Garnett, R.",
    title = "Neural {{Spline Flows}}",
    booktitle = "Advances in {{Neural Information Processing Systems}}",
    year = "2019",
    volume = "32",
    publisher = "{Curran Associates, Inc.}"
}

@techreport{dyer_explaining_2021,
    author = "Dyer, Ethan S. and Lee, Jaehoon and Kaplan, Jared D. and Sharma, Utkarsh and Bahri, Yasaman",
    title = "Explaining {{Neural Scaling Laws}}",
    year = "2021"
}

@misc{felardos_designing_2023,
    author = "Felardos, Loris and H{\'e}nin, J{\'e}r{\^o}me and Charpiat, Guillaume",
    title = "Designing Losses for Data-Free Training of Normalizing Flows on {{Boltzmann}} Distributions",
    year = "2023",
    month = "January",
    number = "arXiv:2301.05475",
    eprint = "2301.05475",
    primaryclass = "cond-mat",
    publisher = "{arXiv}",
    urldate = "2023-10-02",
    archiveprefix = "arxiv",
    langid = "english"
}

@article{frenkel_new_1984,
    author = "Frenkel, Daan and Ladd, Anthony J. C.",
    title = "New {{Monte Carlo}} Method to Compute the Free Energy of Arbitrary Solids. {{Application}} to the Fcc and Hcp Phases of Hard Spheres",
    year = "1984",
    month = "October",
    journal = "J. Chem. Phys.",
    volume = "81",
    number = "7",
    pages = "3188--3193",
    publisher = "{American Institute of Physics}",
    issn = "0021-9606",
    doi = "10.1063/1.448024",
    urldate = "2021-03-31"
}

@book{frenkel_understanding_2002,
    author = "Frenkel, Daan and Smit, Berend",
    title = "Understanding Molecular Simulation: From Algorithms to Applications",
    shorttitle = "Understanding Molecular Simulation",
    year = "2002",
    series = "Computational Science Series",
    edition = "2nd ed",
    number = "1",
    publisher = "{Academic Press}",
    address = "{San Diego}",
    isbn = "978-0-12-267351-1",
    lccn = "QD461 .F86 2002"
}

@article{gabrie_adaptive_2022,
    author = "Gabri{\'e}, Marylou and Rotskoff, Grant M. and {Vanden-Eijnden}, Eric",
    title = "Adaptive {{Monte Carlo}} Augmented with Normalizing Flows",
    year = "2022",
    month = "March",
    journal = "Proc. Natl. Acad. Sci. U.S.A.",
    volume = "119",
    number = "10",
    pages = "e2109420119",
    issn = "0027-8424, 1091-6490",
    doi = "10.1073/pnas.2109420119",
    urldate = "2022-03-02",
    langid = "english"
}

@inproceedings{gabrie_efficient_2021,
    author = "Gabri{\'e}, Marylou and Rotskoff, Grant M. and {Vanden-Eijnden}, Eric",
    title = "Efficient {{Bayesian Sampling Using Normalizing Flows}} to {{Assist Markov Chain Monte Carlo Methods}}",
    booktitle = "{{ICML Workshop}} on {{Invertible Neural Networks}}, {{Normalizing Flows}}, and {{Explicit Likelihood Models}}",
    year = "2021"
}

@misc{ghio_sampling_2023,
    author = "Ghio, Davide and Dandi, Yatin and Krzakala, Florent and Zdeborov{\'a}, Lenka",
    title = "Sampling with Flows, Diffusion and Autoregressive Neural Networks: {{A}} Spin-Glass Perspective",
    shorttitle = "Sampling with Flows, Diffusion and Autoregressive Neural Networks",
    year = "2023",
    month = "August",
    number = "arXiv:2308.14085",
    eprint = "2308.14085",
    primaryclass = "cond-mat",
    publisher = "{arXiv}",
    doi = "10.48550/arXiv.2308.14085",
    urldate = "2023-08-29",
    archiveprefix = "arxiv"
}

@incollection{goodfellow_generative_2014,
    author = "Goodfellow, Ian and {Pouget-Abadie}, Jean and Mirza, Mehdi and Xu, Bing and {Warde-Farley}, David and Ozair, Sherjil and Courville, Aaron and Bengio, Yoshua",
    editor = "Ghahramani, Z. and Welling, M. and Cortes, C. and Lawrence, N. D. and Weinberger, K. Q.",
    title = "Generative {{Adversarial Nets}}",
    booktitle = "Advances in {{Neural Information Processing Systems}} 27",
    year = "2014",
    pages = "2672--2680",
    publisher = "{Curran Associates, Inc.}"
}

@inproceedings{grathwohl_ffjord_2018,
    author = "Grathwohl, Will and Chen, Ricky T. Q. and Bettencourt, Jesse and Sutskever, Ilya and Duvenaud, David",
    title = "{{FFJORD}}: {{Free-Form Continuous Dynamics}} for {{Scalable Reversible Generative Models}}",
    shorttitle = "{{FFJORD}}",
    booktitle = "International {{Conference}} on {{Learning Representations}}",
    year = "2018",
    month = "September",
    urldate = "2023-10-13",
    langid = "english"
}

@inproceedings{ho_denoising_2020,
  title = {Denoising Diffusion Probabilistic Models},
  booktitle = {Advances in Neural Information Processing Systems 33: {{Annual}} Conference on Neural Information Processing Systems 2020, {{NeurIPS}} 2020, December 6-12, 2020, Virtual},
  author = {Ho, Jonathan and Jain, Ajay and Abbeel, Pieter},
  editor = {Larochelle, Hugo and Ranzato, Marc'Aurelio and Hadsell, Raia and Balcan, Maria-Florina and Lin, Hsuan-Tien},
  year = {2020},
  bibsource = {dblp computer science bibliography, https://dblp.org},
  timestamp = {Tue, 19 Jan 2021 15:57:09 +0100}
}


@article{husic_coarse_2020,
    author = {Husic, Brooke E. and Charron, Nicholas E. and Lemm, Dominik and Wang, Jiang and P{\'e}rez, Adri{\`a} and Majewski, Maciej and Kr{\"a}mer, Andreas and Chen, Yaoyi and Olsson, Simon and {de Fabritiis}, Gianni and No{\'e}, Frank and Clementi, Cecilia},
    title = "Coarse Graining Molecular Dynamics with Graph Neural Networks",
    year = "2020",
    month = "November",
    journal = "J. Chem. Phys.",
    volume = "153",
    number = "19",
    pages = "194101",
    publisher = "{American Institute of Physics}",
    issn = "0021-9606",
    doi = "10.1063/5.0026133",
    urldate = "2021-04-27"
}

@article{hutchinson_stochastic_1989,
    author = "Hutchinson, M.F.",
    title = "A {{Stochastic Estimator}} of the {{Trace}} of the {{Influence Matrix}} for {{Laplacian Smoothing Splines}}",
    year = "1989",
    month = "January",
    journal = "Communications in Statistics - Simulation and Computation",
    volume = "18",
    number = "3",
    pages = "1059--1076",
    publisher = "{Taylor \\& Francis}",
    issn = "0361-0918",
    doi = "10.1080/03610918908812806",
    urldate = "2023-10-13"
}

@article{invernizzi_skipping_2022,
    author = {Invernizzi, Michele and Kr{\"a}mer, Andreas and Clementi, Cecilia and No{\'e}, Frank},
    title = "Skipping the {{Replica Exchange Ladder}} with {{Normalizing Flows}}",
    year = "2022",
    month = "December",
    journal = "J. Phys. Chem. Lett.",
    volume = "13",
    number = "50",
    pages = "11643--11649",
    publisher = "{American Chemical Society}",
    doi = "10.1021/acs.jpclett.2c03327",
    urldate = "2023-11-11"
}

@article{jin_bottom-up_2022,
    author = "Jin, Jaehyeok and Pak, Alexander J. and Durumeric, Aleksander E. P. and Loose, Timothy D. and Voth, Gregory A.",
    title = "Bottom-up {{Coarse-Graining}}: {{Principles}} and {{Perspectives}}",
    shorttitle = "Bottom-up {{Coarse-Graining}}",
    year = "2022",
    month = "October",
    journal = "J. Chem. Theory Comput.",
    volume = "18",
    number = "10",
    pages = "5759--5791",
    issn = "1549-9618, 1549-9626",
    doi = "10.1021/acs.jctc.2c00643",
    urldate = "2022-12-08",
    langid = "english"
}

@misc{jumper_rapid_2017,
    author = "Jumper, John M. and Freed, Karl F. and Sosnick, Tobin R.",
    title = "Rapid Calculation of Side Chain Packing and Free Energy with Applications to Protein Molecular Dynamics",
    year = "2017",
    month = "September",
    number = "arXiv:1610.07277",
    eprint = "1610.07277",
    primaryclass = "physics, q-bio",
    publisher = "{arXiv}",
    urldate = "2023-03-06",
    archiveprefix = "arxiv",
    langid = "english"
}

@misc{kaplan_scaling_2020,
    author = "Kaplan, Jared and McCandlish, Sam and Henighan, Tom and Brown, Tom B. and Chess, Benjamin and Child, Rewon and Gray, Scott and Radford, Alec and Wu, Jeffrey and Amodei, Dario",
    title = "Scaling {{Laws}} for {{Neural Language Models}}",
    year = "2020",
    month = "January",
    number = "arXiv:2001.08361",
    eprint = "2001.08361",
    primaryclass = "cs, stat",
    publisher = "{arXiv}",
    doi = "10.48550/arXiv.2001.08361",
    urldate = "2023-10-13",
    archiveprefix = "arxiv"
}

@article{karniadakis_physics-informed_2021,
    author = "Karniadakis, George Em and Kevrekidis, Ioannis G. and Lu, Lu and Perdikaris, Paris and Wang, Sifan and Yang, Liu",
    title = "Physics-Informed Machine Learning",
    year = "2021",
    month = "June",
    journal = "Nat Rev Phys",
    volume = "3",
    number = "6",
    pages = "422--440",
    issn = "2522-5820",
    doi = "10.1038/s42254-021-00314-5",
    urldate = "2021-09-20",
    langid = "english"
}

@article{kurchan_fluctuation_1998,
    author = "Kurchan, Jorge",
    title = "Fluctuation Theorem for Stochastic Dynamics",
    year = "1998",
    journal = "J. Phys. A",
    volume = "31",
    number = "16",
    pages = "3719--3729",
    doi = "10.1088/0305-4470/31/16/003"
}

@inproceedings{lai_fp-diffusion_2023,
    author = "Lai, Chieh-Hsin and Takida, Yuhta and Murata, Naoki and Uesaka, Toshimitsu and Mitsufuji, Yuki and Ermon, Stefano",
    title = "{{FP-Diffusion}}: {{Improving Score-based Diffusion Models}} by {{Enforcing}} the {{Underlying Score Fokker-Planck Equation}}",
    shorttitle = "{{FP-Diffusion}}",
    booktitle = "Proceedings of the 40th {{International Conference}} on {{Machine Learning}}",
    year = "2023",
    month = "July",
    pages = "18365--18398",
    publisher = "{PMLR}",
    issn = "2640-3498",
    urldate = "2023-11-12",
    langid = "english"
}

@article{lebowitz_gallavotticohen-type_1999,
    author = "Lebowitz, Joel L. and Spohn, Herbert",
    title = "A {{Gallavotti}}{\textendash}{{Cohen-Type Symmetry}} in the {{Large Deviation Functional}} for {{Stochastic Dynamics}}",
    year = "1999",
    month = "April",
    journal = "J. Stat. Phys.",
    volume = "95",
    number = "1",
    pages = "333--365",
    issn = "1572-9613",
    doi = "10.1023/A:1004589714161"
}

@article{lederberg_applications_1969,
    author = "Lederberg, Joshua and Sutherland, Georgia L. and Buchanan, Bruce G. and Feigenbaum, Edward A. and Robertson, Alexander V. and Duffield, Alan M. and Djerassi, Carl",
    title = "Applications of Artificial Intelligence for Chemical Inference. {{I}}. {{Number}} of Possible Organic Compounds. {{Acyclic}} Structures Containing Carbon, Hydrogen, Oxygen, and Nitrogen",
    year = "1969",
    month = "May",
    journal = "J. Am. Chem. Soc.",
    volume = "91",
    number = "11",
    pages = "2973--2976",
    issn = "0002-7863, 1520-5126",
    doi = "10.1021/ja01039a025",
    urldate = "2021-09-02",
    langid = "english"
}

@book{lelievre_free_2010,
    author = "Leli{\`e}vre, Tony and Rousset, Mathias and Stoltz, Gabriel",
    title = "Free {{Energy Computations}}: {{A Mathematical Perspective}}",
    shorttitle = "Free {{Energy Computations}}",
    year = "2010",
    month = "June",
    publisher = "{IMPERIAL COLLEGE PRESS}",
    doi = "10.1142/p579",
    urldate = "2023-10-12",
    isbn = "978-1-84816-247-1 978-1-84816-248-8",
    langid = "english"
}

@inproceedings{lipman_flow_2022,
    author = "Lipman, Yaron and Chen, Ricky T. Q. and {Ben-Hamu}, Heli and Nickel, Maximilian and Le, Matthew",
    title = "Flow {{Matching}} for {{Generative Modeling}}",
    booktitle = "The {{Eleventh International Conference}} on {{Learning Representations}}",
    year = "2022",
    month = "September",
    urldate = "2023-10-02",
    langid = "english"
}

@article{maier_bypassing_2022,
    author = "Maier, J. Charlie and Jackson, Nicholas E.",
    title = "Bypassing Backmapping: {{Coarse-grained}} Electronic Property Distributions Using Heteroscedastic {{Gaussian}} Processes",
    shorttitle = "Bypassing Backmapping",
    year = "2022",
    month = "November",
    journal = "J. Chem. Phys.",
    volume = "157",
    number = "17",
    pages = "174102",
    issn = "0021-9606, 1089-7690",
    doi = "10.1063/5.0101038",
    urldate = "2022-12-08",
    langid = "english"
}

@article{mater_deep_2019,
    author = "Mater, Adam C. and Coote, Michelle L.",
    ids = "mater\_deep\_2019-1",
    title = "Deep {{Learning}} in {{Chemistry}}",
    year = "2019",
    month = "June",
    journal = "J. Chem. Inf. Model.",
    volume = "59",
    number = "6",
    pages = "2545--2559",
    publisher = "{American Chemical Society}",
    issn = "1549-9596, 1549-960X",
    doi = "10.1021/acs.jcim.9b00266",
    urldate = "2021-05-16",
    langid = "english"
}

@article{noe_boltzmann_2019,
    author = {No{\'e}, Frank and Olsson, Simon and K{\"o}hler, Jonas and Wu, Hao},
    title = "Boltzmann Generators: {{Sampling}} Equilibrium States of Many-Body Systems with Deep Learning",
    shorttitle = "Boltzmann Generators",
    year = "2019",
    month = "September",
    journal = "Science",
    volume = "365",
    number = "6457",
    pages = "eaaw1147",
    issn = "0036-8075, 1095-9203",
    doi = "10.1126/science.aaw1147",
    urldate = "2021-03-02",
    langid = "english"
}

@inproceedings{paszke_pytorch_2019,
    author = "Paszke, Adam and Gross, Sam and Massa, Francisco and Lerer, Adam and Bradbury, James and Chanan, Gregory and Killeen, Trevor and Lin, Zeming and Gimelshein, Natalia and Antiga, Luca and Desmaison, Alban and Kopf, Andreas and Yang, Edward and DeVito, Zachary and Raison, Martin and Tejani, Alykhan and Chilamkurthy, Sasank and Steiner, Benoit and Fang, Lu and Bai, Junjie and Chintala, Soumith",
    title = "{{PyTorch}}: {{An Imperative Style}}, {{High-Performance Deep Learning Library}}",
    shorttitle = "{{PyTorch}}",
    booktitle = "Advances in {{Neural Information Processing Systems}}",
    year = "2019",
    volume = "32",
    publisher = "{Curran Associates, Inc.}",
    urldate = "2023-10-12"
}

@misc{peluchetti_diffusion_2023,
    author = "Peluchetti, Stefano",
    title = {Diffusion {{Bridge Mixture Transports}}, {{Schr}}{\textbackslash}"odinger {{Bridge Problems}} and {{Generative Modeling}}},
    year = "2023",
    month = "April",
    number = "arXiv:2304.00917",
    eprint = "2304.00917",
    primaryclass = "cs, stat",
    publisher = "{arXiv}",
    doi = "10.48550/arXiv.2304.00917",
    urldate = "2023-04-05",
    archiveprefix = "arxiv"
}

@article{peluchetti_non-denoising_2022,
    author = "Peluchetti, Stefano",
    title = "Non-{{Denoising Forward-Time Diffusions}}",
    year = "2022",
    month = "January",
    urldate = "2023-04-05",
    langid = "english"
}

@inproceedings{rezende_variational_2015,
    author = "Rezende, Danilo and Mohamed, Shakir",
    title = "Variational {{Inference}} with {{Normalizing Flows}}",
    booktitle = "International {{Conference}} on {{Machine Learning}}",
    year = "2015",
    month = "June",
    pages = "1530--1538",
    publisher = "{PMLR}",
    issn = "1938-7228",
    urldate = "2021-05-02",
    langid = "english"
}

@article{ribeiro_reweighted_2018,
    author = "Ribeiro, Jo{\\textasciitilde a}o Marcelo Lamim and Bravo, Pablo and Wang, Yihang and Tiwary, Pratyush",
    title = "Reweighted Autoencoded Variational {{Bayes}} for Enhanced Sampling ({{RAVE}})",
    year = "2018",
    month = "August",
    journal = "J. Chem. Phys.",
    volume = "149",
    number = "7",
    eprint = "1802.03420v1",
    pages = "072301",
    publisher = "{American Institute of Physics}",
    issn = "0021-9606",
    doi = "10.1063/1.5025487",
    urldate = "2022-10-13",
    archiveprefix = "arxiv"
}

@article{salakhutdinov_deep_2009,
    author = "Salakhutdinov, R and Hinton, G E",
    title = "Deep {{Boltzmann Machines}}.",
    year = "2009",
    journal = "AISTATS"
}

@inproceedings{salakhutdinov_restricted_2007,
    author = "Salakhutdinov, Ruslan and Mnih, Andriy and Hinton, Geoffrey",
    title = "Restricted {{Boltzmann}} Machines for Collaborative Filtering",
    booktitle = "{{ICML}} '07",
    year = "2007",
    month = "June",
    pages = "791--798",
    publisher = "{ACM}",
    address = "{New York, New York, USA}",
    doi = "10.1145/1273496.1273596",
    isbn = "978-1-59593-793-3"
}

@inproceedings{sannai_improved_2021,
    author = "Sannai, Akiyoshi and Imaizumi, Masaaki and Kawano, Makoto",
    title = "Improved Generalization Bounds of Group Invariant / Equivariant Deep Networks via Quotient Feature Spaces",
    booktitle = "Proceedings of the {{Thirty-Seventh Conference}} on {{Uncertainty}} in {{Artificial Intelligence}}",
    year = "2021",
    month = "December",
    pages = "771--780",
    publisher = "{PMLR}",
    issn = "2640-3498",
    urldate = "2023-10-12",
    langid = "english"
}

@article{satorras_en_2021-1,
    author = "Satorras, Victor Garcia and Hoogeboom, Emiel and Fuchs, Fabian B. and Posner, Ingmar and Welling, Max",
    title = "E(n) Equivariant Normalizing Flows for Molecule Generation in {{3D}}",
    year = "2021",
    journal = "CoRR",
    volume = "abs/2105.09016",
    eprint = "2105.09016",
    archiveprefix = "arxiv",
    bibsource = "dblp computer science bibliography, https://dblp.org",
    biburl = "https://dblp.org/rec/journals/corr/abs-2105-09016.bib",
    timestamp = "Mon, 31 May 2021 16:16:57 +0200"
}

@misc{schneuing_structure-based_2022,
    author = "Schneuing, Arne and Du, Yuanqi and Harris, Charles and Jamasb, Arian and Igashov, Ilia and Du, Weitao and Blundell, Tom and Li{\'o}, Pietro and Gomes, Carla and Welling, Max and Bronstein, Michael and Correia, Bruno",
    title = "Structure-Based {{Drug Design}} with {{Equivariant Diffusion Models}}",
    year = "2022",
    month = "October",
    number = "arXiv:2210.13695",
    eprint = "2210.13695",
    primaryclass = "cs, q-bio",
    publisher = "{arXiv}",
    urldate = "2023-03-16",
    archiveprefix = "arxiv",
    langid = "english"
}

@article{schutt_schnet_2018,
    author = {Sch{\"u}tt, K. T. and Sauceda, H. E. and Kindermans, P.-J. and Tkatchenko, A. and M{\"u}ller, K.-R.},
    title = "{{SchNet}} {\textendash} {{A}} Deep Learning Architecture for Molecules and Materials",
    year = "2018",
    month = "June",
    journal = "J. Chem. Phys.",
    volume = "148",
    number = "24",
    pages = "241722",
    publisher = "{American Institute of Physics}",
    issn = "0021-9606",
    doi = "10.1063/1.5019779",
    urldate = "2021-08-24"
}

@misc{shi_diffusion_2023,
    author = "Shi, Yuyang and De Bortoli, Valentin and Campbell, Andrew and Doucet, Arnaud",
    title = {Diffusion {{Schr}}{\textbackslash}"odinger {{Bridge Matching}}},
    year = "2023",
    month = "March",
    number = "arXiv:2303.16852",
    eprint = "2303.16852",
    primaryclass = "cs, stat",
    publisher = "{arXiv}",
    urldate = "2023-04-27",
    archiveprefix = "arxiv",
    langid = "english"
}

@article{sidky_molecular_2020,
    author = "Sidky, Hythem and Chen, Wei and Ferguson, Andrew L.",
    title = "Molecular Latent Space Simulators",
    year = "2020",
    journal = "Chemical Science",
    volume = "11",
    number = "35",
    pages = "9459--9467",
    publisher = "{Royal Society of Chemistry}"
}

@article{sohl-dickstein_hamiltonian_2012,
    author = "{Sohl-Dickstein}, Jascha and Culpepper, Benjamin J.",
    title = "Hamiltonian {{Annealed Importance Sampling}} for Partition Function Estimation",
    year = "2012",
    month = "May",
    journal = "arXiv:1205.1925 [physics]",
    eprint = "1205.1925",
    primaryclass = "physics",
    urldate = "2020-05-20",
    archiveprefix = "arxiv"
}

@inproceedings{song_score-based_2022,
    author = "Song, Yang and {Sohl-Dickstein}, Jascha and Kingma, Diederik P. and Kumar, Abhishek and Ermon, Stefano and Poole, Ben",
    title = "Score-{{Based Generative Modeling}} through {{Stochastic Differential Equations}}",
    booktitle = "International {{Conference}} on {{Learning Representations}}",
    year = "2022",
    month = "February",
    urldate = "2023-01-05",
    langid = "english"
}

@article{vanommeslaeghe_charmm_2010,
    author = "Vanommeslaeghe, K. and Hatcher, E. and Acharya, C. and Kundu, S. and Zhong, S. and Shim, J. and Darian, E. and Guvench, O. and Lopes, P. and Vorobyov, I. and Mackerell Jr., A. D.",
    title = "{{CHARMM}} General Force Field: {{A}} Force Field for Drug-like Molecules Compatible with the {{CHARMM}} All-Atom Additive Biological Force Fields",
    shorttitle = "{{CHARMM}} General Force Field",
    year = "2010",
    journal = "Journal of Computational Chemistry",
    volume = "31",
    number = "4",
    pages = "671--690",
    issn = "1096-987X",
    doi = "10.1002/jcc.21367",
    urldate = "2023-10-12",
    copyright = "Copyright {\textcopyright} 2009 Wiley Periodicals, Inc.",
    langid = "english"
}

@inproceedings{vargas_denoising_2023,
    author = "Vargas, Francisco and Grathwohl, Will Sussman and Doucet, Arnaud",
    title = "Denoising {{Diffusion Samplers}}",
    booktitle = "The {{Eleventh International Conference}} on {{Learning Representations}}",
    year = "2023"
}

@article{vroylandt_likelihood-based_2022,
    author = "Vroylandt, Hadrien and Gouden{\`e}ge, Ludovic and Monmarch{\'e}, Pierre and Pietrucci, Fabio and Rotenberg, Benjamin",
    title = "Likelihood-Based Non-{{Markovian}} Models from Molecular Dynamics",
    year = "2022",
    month = "March",
    journal = "Proceedings of the National Academy of Sciences",
    volume = "119",
    number = "13",
    pages = "e2117586119",
    publisher = "{Proceedings of the National Academy of Sciences}",
    doi = "10.1073/pnas.2117586119",
    urldate = "2023-09-23"
}

@article{wang_machine_2019,
    author = "Wang, Jiang and Olsson, Simon and Wehmeyer, Christoph and P{\'e}rez, Adri{\`a} and Charron, Nicholas E. and {de Fabritiis}, Gianni and No{\'e}, Frank and Clementi, Cecilia",
    title = "Machine {{Learning}} of {{Coarse-Grained Molecular Dynamics Force Fields}}",
    year = "2019",
    month = "May",
    journal = "ACS Cent. Sci.",
    volume = "5",
    number = "5",
    pages = "755--767",
    publisher = "{American Chemical Society}",
    issn = "2374-7943",
    doi = "10.1021/acscentsci.8b00913",
    urldate = "2021-04-27"
}

@article{watson_novo_2023,
    author = "Watson, Joseph L. and Juergens, David and Bennett, Nathaniel R. and Trippe, Brian L. and Yim, Jason and Eisenach, Helen E. and Ahern, Woody and Borst, Andrew J. and Ragotte, Robert J. and Milles, Lukas F. and Wicky, Basile I. M. and Hanikel, Nikita and Pellock, Samuel J. and Courbet, Alexis and Sheffler, William and Wang, Jue and Venkatesh, Preetham and Sappington, Isaac and Torres, Susana V{\'a}zquez and Lauko, Anna and De Bortoli, Valentin and Mathieu, Emile and Ovchinnikov, Sergey and Barzilay, Regina and Jaakkola, Tommi S. and DiMaio, Frank and Baek, Minkyung and Baker, David",
    title = "De Novo Design of Protein Structure and Function with {{RFdiffusion}}",
    year = "2023",
    month = "August",
    journal = "Nature",
    volume = "620",
    number = "7976",
    pages = "1089--1100",
    publisher = "{Nature Publishing Group}",
    issn = "1476-4687",
    doi = "10.1038/s41586-023-06415-8",
    urldate = "2023-11-13",
    copyright = "2023 The Author(s)",
    langid = "english"
}

@article{weiss_guided_2023,
    author = "Weiss, Tomer and Mayo Yanes, Eduardo and Chakraborty, Sabyasachi and Cosmo, Luca and Bronstein, Alex M. and {Gershoni-Poranne}, Renana",
    title = "Guided Diffusion for Inverse Molecular Design",
    year = "2023",
    month = "October",
    journal = "Nat Comput Sci",
    pages = "1--10",
    publisher = "{Nature Publishing Group}",
    issn = "2662-8457",
    doi = "10.1038/s43588-023-00532-0",
    urldate = "2023-10-12",
    copyright = "2023 The Author(s), under exclusive licence to Springer Nature America, Inc.",
    langid = "english"
}

@article{wirnsberger_estimating_2023,
    author = "Wirnsberger, Peter and Ibarz, Borja and Papamakarios, George",
    title = "Estimating {{Gibbs}} Free Energies via Isobaric-Isothermal Flows",
    year = "2023",
    month = "September",
    journal = "Mach. Learn.: Sci. Technol.",
    volume = "4",
    number = "3",
    pages = "035039",
    publisher = "{IOP Publishing}",
    issn = "2632-2153",
    doi = "10.1088/2632-2153/acefa8",
    urldate = "2023-11-08",
    langid = "english"
}

@article{wirnsberger_normalizing_2021,
    author = "Wirnsberger, Peter and Papamakarios, George and Ibarz, Borja and Racani{\`e}re, S{\'e}bastien and Ballard, Andrew J. and Pritzel, Alexander and Blundell, Charles",
    title = "Normalizing Flows for Atomic Solids",
    year = "2021",
    month = "November",
    journal = "arXiv:2111.08696 [cond-mat, physics:physics, stat]",
    eprint = "2111.08696",
    primaryclass = "cond-mat, physics:physics, stat",
    urldate = "2021-12-01",
    archiveprefix = "arxiv"
}

@article{wirnsberger_targeted_2020,
    author = "Wirnsberger, Peter and Ballard, Andrew J. and Papamakarios, George and Abercrombie, Stuart and Racani{\`e}re, S{\'e}bastien and Pritzel, Alexander and Jimenez Rezende, Danilo and Blundell, Charles",
    title = "Targeted Free Energy Estimation via Learned Mappings",
    year = "2020",
    month = "October",
    journal = "J. Chem. Phys.",
    volume = "153",
    number = "14",
    pages = "144112",
    issn = "0021-9606, 1089-7690",
    doi = "10.1063/5.0018903",
    urldate = "2022-02-08",
    langid = "english"
}

@misc{zheng_towards_2023,
    author = "Zheng, Shuxin and He, Jiyan and Liu, Chang and Shi, Yu and Lu, Ziheng and Feng, Weitao and Ju, Fusong and Wang, Jiaxi and Zhu, Jianwei and Min, Yaosen and Zhang, He and Tang, Shidi and Hao, Hongxia and Jin, Peiran and Chen, Chi and No{\'e}, Frank and Liu, Haiguang and Liu, Tie-Yan",
    title = "Towards {{Predicting Equilibrium Distributions}} for {{Molecular Systems}} with {{Deep Learning}}",
    year = "2023",
    month = "June",
    number = "arXiv:2306.05445",
    eprint = "2306.05445",
    primaryclass = "physics, q-bio",
    publisher = "{arXiv}",
    urldate = "2023-10-12",
    archiveprefix = "arxiv",
    langid = "english"
}
